<?xml version="1.0" encoding="UTF-8"?><record xmlns="http://www.loc.gov/MARC21/slim" xmlns:cinclude="http://apache.org/cocoon/include/1.0" xmlns:zs="http://www.loc.gov/zing/srw/">
  <leader>00444cz  a2200133n  4500</leader>
  <controlfield tag="001">n 2006069029</controlfield>
  <controlfield tag="003">DLC</controlfield>
  <controlfield tag="005">20060908110534.0</controlfield>
  <controlfield tag="008">060908n| acannaabn          |a aaa      </controlfield>
  <datafield tag="010" ind1=" " ind2=" ">
    <subfield code="a">n 2006069029</subfield>
  </datafield>
  <datafield tag="040" ind1=" " ind2=" ">
    <subfield code="a">DLC</subfield>
    <subfield code="b">eng</subfield>
    <subfield code="c">DLC</subfield>
  </datafield>
  <datafield tag="100" ind1="1" ind2=" ">
    <subfield code="a">Lukmanov, D. D.</subfield>
    <subfield code="q">(David Damustanovich)</subfield>
  </datafield>
  <datafield tag="400" ind1="1" ind2=" ">
    <subfield code="a">Lukmanov, David Damustanovich</subfield>
  </datafield>
  <datafield tag="670" ind1=" " ind2=" ">
    <subfield code="a">Lukmanov, D. D. Arendno-rentnye otnosheniiď¸ aď¸Ą, 2005:</subfield>
    <subfield code="b">t.p. (D.D. Lukmanov) colophon (Lukmanov David Damustanovich)</subfield>
  </datafield>
</record>